{
  "leader": "02193cam a22004211i 4500",
  "fields": [
    {
      "001": "ocm01430378\\"
    },
    {
      "003": "OCoLC"
    },
    {
      "005": "20221209101750.0"
    },
    {
      "008": "750703s1957\\\\\\\\vauach\\\\\\\\\\\\\\\\000\\0\\eng\\\\"
    },
    {
      "010": {
        "ind1": "\\",
        "ind2": "\\",
        "subfields": [
          {
            "a": "   57003143 "
          }
        ]
      }
    },
    {
      "040": {
        "ind1": "\\",
        "ind2": "\\",
        "subfields": [
          {
            "a": "DLC"
          },
          {
            "b": "eng"
          },
          {
            "e": "rda"
          },
          {
            "c": "GYG"
          },
          {
            "d": "DLC"
          },
          {
            "d": "BTCTA"
          },
          {
            "d": "OCLCQ"
          },
          {
            "d": "OCLCF"
          },
          {
            "d": "OCLCO"
          },
          {
            "d": "NLC"
          },
          {
            "d": "VGM"
          },
          {
            "d": "OCLCO"
          },
          {
            "d": "UEJ"
          },
          {
            "d": "OCLCQ"
          },
          {
            "d": "OCLCO"
          },
          {
            "d": "OCLCQ"
          },
          {
            "d": "OCLCA"
          },
          {
            "d": "UIU"
          },
          {
            "d": "OCLCA"
          },
          {
            "d": "OCL"
          },
          {
            "d": "ZD0"
          },
          {
            "d": "OCLCO"
          }
        ]
      }
    },
    {
      "019": {
        "ind1": "\\",
        "ind2": "\\",
        "subfields": [
          {
            "a": "1000674153"
          },
          {
            "a": "1008363505"
          },
          {
            "a": "1117035202"
          },
          {
            "a": "1270408141"
          },
          {
            "a": "1270791970"
          }
        ]
      }
    },
    {
      "035": {
        "ind1": "\\",
        "ind2": "\\",
        "subfields": [
          {
            "a": "(OCoLC)1430378"
          },
          {
            "z": "(OCoLC)1000674153"
          },
          {
            "z": "(OCoLC)1008363505"
          },
          {
            "z": "(OCoLC)1117035202"
          },
          {
            "z": "(OCoLC)1270408141"
          },
          {
            "z": "(OCoLC)1270791970"
          }
        ]
      }
    },
    {
      "050": {
        "ind1": "0",
        "ind2": "0",
        "subfields": [
          {
            "a": "DA566.9.C5"
          },
          {
            "b": "C56"
          }
        ]
      }
    },
    {
      "082": {
        "ind1": "0",
        "ind2": "4",
        "subfields": [
          {
            "a": "923.242"
          },
          {
            "b": "COL"
          }
        ]
      }
    },
    {
      "110": {
        "ind1": "2",
        "ind2": "\\",
        "subfields": [
          {
            "a": "Colonial Williamsburg, Incorporated,"
          },
          {
            "e": "author."
          }
        ]
      }
    },
    {
      "245": {
        "ind1": "1",
        "ind2": "0",
        "subfields": [
          {
            "a": "Proceedings of the presentation of the Williamsburg Award by the Trustees of Colonial Williamsburg to the Rt. Hon. Sir Winston Churchill, at Drapers' Hall, London, December 7, 1955."
          }
        ]
      }
    },
    {
      "246": {
        "ind1": "1",
        "ind2": "\\",
        "subfields": [
          {
            "i": "Half-title:"
          },
          {
            "a": "Williamsburg Award \"A salute across time\""
          }
        ]
      }
    },
    {
      "264": {
        "ind1": "\\",
        "ind2": "1",
        "subfields": [
          {
            "a": "Williamsburg, Virginia :"
          },
          {
            "b": "Colonial Williamsburg,"
          },
          {
            "c": "1957."
          }
        ]
      }
    },
    {
      "264": {
        "ind1": "\\",
        "ind2": "3",
        "subfields": [
          {
            "a": "Butter Market, Ipswich, England :"
          },
          {
            "b": "W.S. Cowell Ltd."
          }
        ]
      }
    },
    {
      "300": {
        "ind1": "\\",
        "ind2": "\\",
        "subfields": [
          {
            "a": "48 pages :"
          },
          {
            "b": "illustrations (some color), portraits (some color), facsimiles ;"
          },
          {
            "c": "28 cm"
          }
        ]
      }
    },
    {
      "336": {
        "ind1": "\\",
        "ind2": "\\",
        "subfields": [
          {
            "a": "text"
          },
          {
            "b": "txt"
          },
          {
            "2": "rdacontent"
          }
        ]
      }
    },
    {
      "337": {
        "ind1": "\\",
        "ind2": "\\",
        "subfields": [
          {
            "a": "unmediated"
          },
          {
            "b": "n"
          },
          {
            "2": "rdamedia"
          }
        ]
      }
    },
    {
      "338": {
        "ind1": "\\",
        "ind2": "\\",
        "subfields": [
          {
            "a": "volume"
          },
          {
            "b": "nc"
          },
          {
            "2": "rdacarrier"
          }
        ]
      }
    },
    {
      "500": {
        "ind1": "\\",
        "ind2": "\\",
        "subfields": [
          {
            "a": "Chairman: Winthrop Rockefeller."
          }
        ]
      }
    },
    {
      "500": {
        "ind1": "\\",
        "ind2": "\\",
        "subfields": [
          {
            "a": "Includes a \"Response by Sir Winston S. Churchill\" on pages 19-21."
          }
        ]
      }
    },
    {
      "510": {
        "ind1": "4",
        "ind2": "\\",
        "subfields": [
          {
            "a": "Woods, F. Bibliography of the works of Sir Winston Churchill,"
          },
          {
            "c": "D(b)74"
          }
        ]
      }
    },
    {
      "600": {
        "ind1": "1",
        "ind2": "0",
        "subfields": [
          {
            "a": "Churchill, Winston,"
          },
          {
            "d": "1874-1965."
          }
        ]
      }
    },
    {
      "650": {
        "ind1": "\\",
        "ind2": "0",
        "subfields": [
          {
            "a": "Award presentations"
          },
          {
            "z": "Virginia"
          },
          {
            "z": "Williamsburg."
          }
        ]
      }
    },
    {
      "600": {
        "ind1": "1",
        "ind2": "7",
        "subfields": [
          {
            "a": "Churchill, Winston,"
          },
          {
            "d": "1874-1965."
          },
          {
            "2": "fast"
          },
          {
            "0": "(OCoLC)fst01716876"
          }
        ]
      }
    },
    {
      "650": {
        "ind1": "\\",
        "ind2": "7",
        "subfields": [
          {
            "a": "Award presentations."
          },
          {
            "2": "fast"
          },
          {
            "0": "(OCoLC)fst00824441"
          }
        ]
      }
    },
    {
      "651": {
        "ind1": "\\",
        "ind2": "7",
        "subfields": [
          {
            "a": "Virginia"
          },
          {
            "z": "Williamsburg."
          },
          {
            "2": "fast"
          },
          {
            "0": "(OCoLC)fst01205036"
          }
        ]
      }
    },
    {
      "700": {
        "ind1": "1",
        "ind2": "\\",
        "subfields": [
          {
            "a": "Churchill, Winston,"
          },
          {
            "d": "1874-1965,"
          },
          {
            "e": "contributor."
          }
        ]
      }
    },
    {
      "776": {
        "ind1": "0",
        "ind2": "8",
        "subfields": [
          {
            "i": "Online version:"
          },
          {
            "a": "Colonial Williamsburg, inc."
          },
          {
            "t": "Proceedings of the presentation of the Williamsburg award."
          },
          {
            "d": "Williamsburg, Va., 1957"
          },
          {
            "w": "(OCoLC)606108143"
          }
        ]
      }
    },
    {
      "994": {
        "ind1": "\\",
        "ind2": "\\",
        "subfields": [
          {
            "a": "Z0"
          },
          {
            "b": "NYRVC"
          }
        ]
      }
    },
    {
      "948": {
        "ind1": "\\",
        "ind2": "\\",
        "subfields": [
          {
            "h": "NO HOLDINGS IN NYRVC - 278 OTHER HOLDINGS"
          }
        ]
      }
    },
    {
      "999": {
        "ind1": "\\",
        "ind2": "\\",
        "subfields": [
          {
            "a": "00000000017935"
          },
          {
            "b": "Copy 1"
          }
        ]
      }
    },
    {
      "999": {
        "ind1": "\\",
        "ind2": "\\",
        "subfields": [
          {
            "a": "00000000017902"
          },
          {
            "b": "Copy 2"
          }
        ]
      }
    }
  ]
}